    
@BOOK{CTU_PRUZKUM,
    author =       "Český telekomunikační úřad",
	title="{\it Zákaznická zkušenost s vybranými poskytovateli 	telekomunikačních služeb}",
url ="https://www.ctu.cz/sites/default/files/obsah/stranky/125473/soubory/\-201608ctuzaverecnazprava.pdf",
note = "[Online; navštíveno 01.11.2017]"
}

@misc{ctu,
  author = {Český telekomunikační úřad},
  title = {{Analýzu trhu č. A/8/03.2016-2,
trh č. 8 – přístup a původ volání (originace) ve veřejných mobilních telefonních sítích}},
  howpublished = "\url{https://www.ctu.cz/sites/default/files/obsah/stranky/54489/soubory/1a-oopart-8-3-2016-2-final.pdf}",
  year = {2016}, 
  note = "[Online; zobrazené 4-Novembra-2017]"
}


@BOOK{LTE,
    author =       "DOTEKOMANIE",
	title="{\it Pokrytí LTE v Česku dosahuje až 99 %}",
url ="https://dotekomanie.cz/2017/02/pokryti-lte-cesku-dosahuje-az-99-lte/",
note = "[Online; navštíveno 01.11.2017]"
}

@BOOK{T-MOBILE-Balicek,
    author =       "Lupa",
	title="{\it T-Mobile: po navýšení datových balíčků stoupla spotřeba dat na víc než dvojnásobek}",
url ="https://www.lupa.cz/aktuality/t-mobile-po-navyseni-datovych-balicku-s\-toupla-spotreba-dat-na-vic-nez-dvojnasobek/",
note = "[Online; navštíveno 02.11.2017]"
}

@BOOK{Vodafone-strategie,
    author =       "Vodafone",
	title="{\it Vodafone oznámil novou strategii značky}",
url ="https://www.vodafone.cz/o-vodafonu/o-spolecnosti/pro-media/tiskove-zp\-ravy/detail/vodafone-oznamil-novou-strategii-znacky/",
note = "[Online; navštíveno 02.11.2017]"
}

@BOOK{VodafoneVyrocni2016,
    author =       "Vodafone",
	title="{\it Výroční zpráva}",
url ="https://www.vodafone.cz/_sys_/FileStorage/download/2/1118/vyrocni-zprava-2016-2017.pdf",
note = "[Online; navštíveno 02.11.2017]"
}

@BOOK{OZprava,
    author =       "O2",
	title="{\it Výroční zpráva}",
url ="https://www.o2.cz/file_conver/525432/VZ_2016_CZ_1904.pdf",
note = "[Online; navštíveno 02.11.2017]"
}

@BOOK{Trzby,
    author =       "Wikipedia",
	title="{\it Zoznam najväčších českých firiem podľa tržieb}",
url ="https://cs.wikipedia.org/wiki/Seznam_největš%C3%ADch_českých_firem_podle_tržeb",
note = "[Online; navštíveno 02.11.2017]"
}

@misc{wiki_tmobile,
  author = {Wikipedia},
  title = {T-Mobile Czech Republic},
  howpublished = "\url{https://cs.wikipedia.org/wiki/T-Mobile_Czech_Republic}",
  year = {2017}, 
  note = "[Online; zobrazené 5-Novembra-2017]"
}

@misc{press_tmobile,
  author = {{T-Mobile TISKOVÉ CENTRUM}},
  title = {O společnosti},
  howpublished = "\url{http://www.t-press.cz/cs/o-spolecnosti.html}",
  year = {2017}, 
  note = "[Online; zobrazené 5-Novembra-2017]"
}

@misc{dhcp,
  author = {{Tim Fisher}},
  title = {What is DHCP? (Dynamic Host Configuration Protocol) },
  howpublished = "\url{https://www.lifewire.com/what-is-dhcp-2625848}",
  year = {2018}, 
  note = "[Online; zobrazené 15-Marca-2017]"
}

@misc{dhcp_spoofing,
  author = {{Edward Yardley}},
  title = {CCNP Studies - Configuring DHCP Snooping },
  howpublished = "\url{http://packetpushers.net/ccnp-studies-configuring-dhcp-snooping/}",
  year = {2012}, 
  note = "[Online; zobrazené 15-Marca-2017]"
}